<record xmlns="http://www.loc.gov/MARC21/slim" xmlns:xsi="http://www.w3.org/2001/XMLSchema-instance" xsi:schemaLocation="http://www.loc.gov/MARC21/slim http://www.loc.gov/standards/marcxml/schema/MARC21slim.xsd"><leader>     nam a22        4500</leader><controlfield tag="001">3071151</controlfield><controlfield tag="003">NNC</controlfield><controlfield tag="006">m        d        </controlfield><controlfield tag="007">cr cn |||m|||a</controlfield><controlfield tag="008">150316s1964    iq      o     000 0 ara d</controlfield><datafield ind1=" " ind2=" " tag="040"><subfield code="a">NNU</subfield><subfield code="b">eng</subfield><subfield code="c">NNU</subfield></datafield><datafield ind1="0" ind2=" " tag="100"><subfield code="6">880-01</subfield><subfield code="a">Warra&#772;m al-H&#803;illi&#772;,</subfield><subfield code="d">-1208.</subfield></datafield><datafield ind1="1" ind2="0" tag="245"><subfield code="6">880-02</subfield><subfield code="a">Tanbi&#772;h al-khawa&#772;t&#803;ir wanuzhat al-nawa&#772;z&#803;ir</subfield><subfield code="h">[electronic resource] :</subfield><subfield code="b">al-ma&#699;ru&#772;f bi-majmu&#772;&#699;at Warra&#772;m /</subfield><subfield code="c">ta&#700;li&#772;f al-ami&#772;r al-za&#772;hid Abi&#772; al-H&#803;usayn Warra&#772;m ibn Abi&#772; Fira&#772;s al-Ma&#772;liki&#772; al-Ashtari&#772; (al-mutawaffa&#772; 605 h.) qaddama lahu al-&#699;alla&#772;mah ... al-sayyid Muh&#803;ammad-S&#803;a&#772;diq Bah&#803;r-al&#699;Ulu&#772;m.</subfield></datafield><datafield ind1=" " ind2=" " tag="260"><subfield code="6">880-03</subfield><subfield code="a">al-Najaf :</subfield><subfield code="b">al-Maktabah al-H&#803;aydari&#772;yah,</subfield><subfield code="c">1384 h., 1964 m.</subfield></datafield><datafield ind1=" " ind2=" " tag="300"><subfield code="a">online resource (16, 536 p.)</subfield></datafield><datafield ind1=" " ind2=" " tag="500"><subfield code="a">Part of the Arabic Collections Online (ACO) project, contributed by Columbia University Libraries.</subfield></datafield><datafield ind1=" " ind2=" " tag="533"><subfield code="a">Electronic reproduction.</subfield><subfield code="b">New York, N.Y. :</subfield><subfield code="c">New York University,</subfield><subfield code="d">2015.</subfield><subfield code="5">NNU</subfield></datafield><datafield ind1="2" ind2=" " tag="710"><subfield code="a">Columbia University.</subfield><subfield code="b">Libraries.</subfield></datafield><datafield ind1="0" ind2=" " tag="730"><subfield code="a">Arabic Collections Online.</subfield></datafield><datafield ind1="0" ind2="8" tag="776"><subfield code="i">Print version:</subfield><subfield code="a">Warra&#772;m al-H&#803;illi&#772;, -1208.</subfield><subfield code="t">Tanbi&#772;h al-khawa&#772;t&#803;ir wanuzhat al-nawa&#772;z&#803;ir</subfield><subfield code="w">(NNC)3071151</subfield><subfield code="w">(OCoLC)47812886</subfield></datafield><datafield ind1="4" ind2="0" tag="856"><subfield code="u">http://hdl.handle.net/2333.1/1ns1rqhm</subfield></datafield><datafield ind1="0" ind2=" " tag="880"><subfield code="6">100-01/r</subfield><subfield code="a">&#1608;&#1585;&#1575;&#1605; &#1575;&#1604;&#1581;&#1604;&#1610;&#1548;</subfield><subfield code="d">-1208.</subfield></datafield><datafield ind1="1" ind2="0" tag="880"><subfield code="6">245-02/r</subfield><subfield code="a">&#1578;&#1606;&#1576;&#1610;&#1607; &#1575;&#1604;&#1582;&#1608;&#1575;&#1591;&#1585; &#1608;&#1606;&#1670;&#1577; &#1575;&#1604;&#1606;&#1608;&#1575;&#1592;&#1585; :</subfield><subfield code="b">&#1575;&#1604;&#1605;&#1593;&#1585;&#1608;&#1601; &#1576;&#1605;&#1580;&#1605;&#1608;&#1593;&#1577; &#1608;&#1585;&#1575;&#1605; /</subfield><subfield code="c">&#1578;&#1571;&#1604;&#1610;&#1601; &#1575;&#1604;&#1571;&#1605;&#1610;&#1585; &#1575;&#1604;&#1586;&#1575;&#1607;&#1583; &#1575;&#1576;&#1610; &#1575;&#1604;&#1581;&#1587;&#1610;&#1606; &#1608;&#1585;&#1575;&#1605; &#1576;&#1606; &#1575;&#1576;&#1610; &#1601;&#1585;&#1575;&#1587; &#1575;&#1604;&#1605;&#1575;&#1604;&#1603;&#1610; &#1575;&#1604;&#1575;&#1588;&#1578;&#1585;&#1610; (&#1604;&#1605;&#1578;&#1608;&#1601;&#1609; 605 &#1607;.) &#1602;&#1583;&#1605; &#1604;&#1607;&#1608; &#1575;&#1604;&#1593;&#1604;&#1575;&#1605;&#1577; ... &#1575;&#1604;&#1587;&#1610;&#1583; &#1605;&#1581;&#1605;&#1583;&#1589;&#1575;&#1583;&#1602; &#1576;&#1581;&#1585;&#1575;&#1604;&#1593;&#1604;&#1608;&#1605;.</subfield></datafield><datafield ind1=" " ind2=" " tag="880"><subfield code="6">260-03/r</subfield><subfield code="a">&#1575;&#1604;&#1606;&#1580;&#1601; :</subfield><subfield code="b">&#1575;&#1604;&#1605;&#1603;&#1578;&#1576;&#1577; &#1575;&#1604;&#1581;&#1610;&#1583;&#1585;&#1610;&#1577;&#1548;</subfield><subfield code="c">1384 &#1607;.&#1548; 1964 &#1605;.</subfield></datafield><datafield ind1=" " ind2=" " tag="959"><subfield code="a">NNU</subfield><subfield code="b">WEB</subfield><subfield code="c">GENI</subfield><subfield code="t">0</subfield><subfield code="m">Electronic access</subfield><subfield code="s">01</subfield></datafield><datafield ind1=" " ind2=" " tag="999"><subfield code="i">NNC_3071151</subfield><subfield code="o">(OCoLC)ocm47812886</subfield><subfield code="e">(ERROR-880)</subfield><subfield code="s">columbia_aco000272</subfield></datafield></record>